@article{gea15,
  title={A neural algorithm of artistic style},
  author={Gatys, Leon A and Ecker, Alexander S and Bethge, Matthias},
  journal={arXiv preprint arXiv:1508.06576},
  year={2015}
}

@article{me17,
  title={Neural translation of musical style},
  author={Malik, Iman and Ek, Carl Henrik},
  journal={arXiv preprint arXiv:1708.03535},
  year={2017}
}

@article{vs18,
  title={Neural Style Transfer for Audio Spectograms},
  author={Verma, Prateek and Smith, Julius O},
  journal={arXiv preprint arXiv:1801.01589},
  year={2018}
}

@misc{nsynth2017,
    Author = {Jesse Engel and Cinjon Resnick and Adam Roberts and
              Sander Dieleman and Douglas Eck and Karen Simonyan and
              Mohammad Norouzi},
    Title = {Neural Audio Synthesis of Musical Notes with WaveNet Autoencoders},
    Year = {2017},
    Eprint = {arXiv:1704.01279},
}

@misc{magenta,
    Title = {Magenta: Music and Art Generation with Machine Intelligence},
    howpublished = {\url{https://magenta.tensorflow.org}},
    note = {Accessed: 2018-03-26}
}

@article{engel2017neural,
  title={Neural audio synthesis of musical notes with wavenet autoencoders},
  author={Engel, Jesse and Resnick, Cinjon and Roberts, Adam and Dieleman, Sander and Eck, Douglas and Simonyan, Karen and Norouzi, Mohammad},
  journal={arXiv preprint arXiv:1704.01279},
  year={2017}
}

@misc{ulyanov,
    Title = {Audio texture synthesis and style transfer},
    author = {Dmitry Ulyanov and Vadim Lebedev},
    howpublished = {\url{https://dmitryulyanov.github.io/audio-texture-synthesis-and-style-transfer/}},
    note = {Accessed: 2018-03-26}
}



